@incollection{NIPS2017_7239,
title = {Practical Hash Functions for Similarity Estimation and Dimensionality Reduction},
author = {Dahlgaard, S\o ren and Knudsen, Mathias and Thorup, Mikkel},
booktitle = {Advances in Neural Information Processing Systems 30},
editor = {I. Guyon and U. V. Luxburg and S. Bengio and H. Wallach and R. Fergus and S. Vishwanathan and R. Garnett},
pages = {6615--6625},
year = {2017},
publisher = {Curran Associates, Inc.},
url = {http://papers.nips.cc/paper/7239-practical-hash-functions-for-similarity-estimation-and-dimensionality-reduction.pdf}
}
