@incollection{NIPS2017_7239,
title = {Practical Hash Functions for Similarity Estimation and Dimensionality Reduction},
author = {Dahlgaard, S\o ren and Knudsen, Mathias and Thorup, Mikkel},
booktitle = {Advances in Neural Information Processing Systems 30},
editor = {I. Guyon and U. V. Luxburg and S. Bengio and H. Wallach and R. Fergus and S. Vishwanathan and R. Garnett},
pages = {6615--6625},
year = {2017},
publisher = {Curran Associates, Inc.},
url = {http://papers.nips.cc/paper/7239-practical-hash-functions-for-similarity-estimation-and-dimensionality-reduction.pdf}
}
@inproceedings{Wang:2014:SPF:2568058.2568059,
 author = {Wang, Haichuan and Wu, Peng and Tanase, Ilie Gabriel and Serrano, Mauricio J. and Moreira, Jos{\'e} E.},
 title = {Simple, Portable and Fast SIMD Intrinsic Programming: Generic Simd Library},
 booktitle = {Proceedings of the 2014 Workshop on Programming Models for SIMD/Vector Processing},
 series = {WPMVP '14},
 year = {2014},
 isbn = {978-1-4503-2653-7},
 location = {Orlando, Florida, USA},
 pages = {9--16},
 numpages = {8},
 url = {http://doi.acm.org/10.1145/2568058.2568059},
 doi = {10.1145/2568058.2568059},
 acmid = {2568059},
 publisher = {ACM},
 address = {New York, NY, USA},
 keywords = {AVX, SIMD, SSE, altivec, generic programming},
} 
@article{DBLP:journals/corr/abs-1011-5200,
  author    = {Mihai Patrascu and
               Mikkel Thorup},
  title     = {The Power of Simple Tabulation Hashing},
  journal   = {CoRR},
  volume    = {abs/1011.5200},
  year      = {2010},
  url       = {http://arxiv.org/abs/1011.5200},
  archivePrefix = {arXiv},
  eprint    = {1011.5200},
  timestamp = {Mon, 13 Aug 2018 16:46:35 +0200},
  biburl    = {https://dblp.org/rec/bib/journals/corr/abs-1011-5200},
  bibsource = {dblp computer science bibliography, https://dblp.org}
}